
@inproceedings{alishahi2017EncodingPhonologyRecurrent,
  title = {Encoding of phonology in a recurrent neural model of grounded speech},
  booktitle = {Proceedings of the 21st {{Conference}} on {{Computational Natural Language Learning}}},
  author = {Alishahi, Afra and Barking, Marie and Chrupała, Grzegorz},
  date = {2017},
  pages = {368--378},
  publisher = {{Association for Computational Linguistics}},
  doi = {10.18653/v1/K17-1037},
  url = {http://www.aclweb.org/anthology/K17-1037},
  eventtitle = {{{CoNLL}} 2017},
  venue = {Vancouver, Canada}
}

@book{amini2013RechercheInformationApplications,
  title = {Recherche d'{{Information}} - {{Applications}}, modèles et algorithmes},
  author = {Amini, Massih-Reza and Gaussier, Éric},
  date = {2013-04},
  publisher = {{Eyrolles}},
  url = {https://hal.archives-ouvertes.fr/hal-00881257},
  urldate = {2018-01-13},
  hal_id = {hal-00881257},
  hal_version = {v1},
  keywords = {\#nosource,Big Data,Classification documentaire,Clustering,Moteurs de recherche,Recherche d'Information}
}
% == BibLateX quality report for amini2013RechercheInformationApplications:
% Unexpected field 'hal_id'
% Unexpected field 'hal_version'

@online{belkin2018ReconcilingModernMachine,
  title = {Reconciling modern machine learning practice and the bias-variance trade-off},
  author = {Belkin, Mikhail and Hsu, Daniel and Ma, Siyuan and Mandal, Soumik},
  date = {2018-12-28},
  url = {http://arxiv.org/abs/1812.11118},
  urldate = {2019-09-27},
  archivePrefix = {arXiv},
  eprint = {1812.11118},
  eprinttype = {arxiv},
  keywords = {Computer Science - Machine Learning,Statistics - Machine Learning},
  langid = {english},
  primaryClass = {cs, stat}
}
% == BibLateX quality report for belkin2018ReconcilingModernMachine:
% Unexpected field 'archivePrefix'
% Unexpected field 'primaryClass'

@inproceedings{bergstra2011AlgorithmsHyperParameterOptimization,
  title = {Algorithms for {{Hyper}}-{{Parameter Optimization}}},
  booktitle = {Advances in {{Neural Information Processing Systems}}},
  author = {Bergstra, James S. and Bardenet, Rémi and Bengio, Yoshua and Kégl, Balázs},
  editor = {Shawe-Taylor, J. and Zemel, R. S. and Bartlett, P. L. and Pereira, F. and Weinberger, K. Q.},
  date = {2011},
  volume = {24},
  pages = {2546--2554},
  publisher = {{Curran Associates, Inc.}},
  url = {http://papers.nips.cc/paper/4443-algorithms-for-hyper-parameter-optimization.pdf},
  urldate = {2019-10-06},
  eventtitle = {{{NeurIPS}} 2011},
  venue = {Granada, España}
}
% == BibLateX quality report for bergstra2011AlgorithmsHyperParameterOptimization:
% ? Unsure about the formatting of the booktitle

@article{cardon2018RevancheNeurones,
  title = {La revanche des neurones},
  author = {Cardon, Dominique and Cointet, Jean-Philippe and Mazières, Antoine},
  date = {2018-11-16},
  journaltitle = {Reseaux},
  volume = {n° 211},
  pages = {173--220},
  issn = {0751-7971},
  url = {https://www.cairn.info/revue-reseaux-2018-5-page-173.htm},
  urldate = {2019-03-05},
  langid = {french},
  number = {5}
}

@article{cheng2019LearningExecutableNeural,
  title = {Learning an {{Executable Neural Semantic Parser}}},
  author = {Cheng, Jianpeng and Reddy, Siva and Saraswat, Vijay and Lapata, Mirella},
  date = {2019-03},
  journaltitle = {Computational Linguistics},
  volume = {45},
  pages = {59--94},
  doi = {10.1162/coli_a_00342},
  url = {https://www.aclweb.org/anthology/J19-1002},
  urldate = {2020-02-25},
  number = {1}
}

@article{church2011PendulumSwungToo,
  title = {A pendulum swung too far},
  author = {Church, Kenneth},
  date = {2011-10},
  journaltitle = {Linguistic Issues in Language Technology},
  volume = {6},
  url = {https://journals.linguisticsociety.org/elanguage/lilt/article/view/2581.html}
}

@article{collins2011LogLinearModelsMEMMs,
  title = {Log-{{Linear Models}}, {{MEMMs}}, and {{CRFs}}},
  author = {Collins, Michael},
  date = {2011},
  pages = {11},
  langid = {english}
}
% == BibLateX quality report for collins2011LogLinearModelsMEMMs:
% Missing required field 'journaltitle'

@book{cornuejols2010ApprentissageArtificielConcepts,
  title = {Apprentissage artificiel - {{Concepts}} et algorithmes},
  author = {Cornuéjols, Antoine and Miclet, Laurent},
  date = {2010},
  edition = {2},
  publisher = {{Eyrolles}},
  url = {https://www.eyrolles.com/Sciences/Livre/apprentissage-artificiel-9782212124712},
  urldate = {2018-01-13},
  keywords = {\#nosource}
}

@article{dice1945MeasuresAmountEcologic,
  title = {Measures of the {{Amount}} of {{Ecologic Association Between Species}}},
  author = {Dice, Lee R.},
  date = {1945},
  journaltitle = {Ecology},
  volume = {26},
  pages = {297--302},
  issn = {1939-9170},
  doi = {10.2307/1932409},
  url = {https://esajournals.onlinelibrary.wiley.com/doi/abs/10.2307/1932409},
  urldate = {2019-08-22},
  langid = {english},
  number = {3}
}

@inproceedings{fort2018CheapFastGood,
  title = {Cheap, {{Fast}} and {{Good}}! {{Voting Games}} with a {{Purpose}}},
  booktitle = {{{Games4NLP}}: {{Games}} and {{Gamification}} for {{Natural Language Processing}}},
  author = {Fort, Karën and Lafourcade, Mathieu and Le Brun, Nathalie},
  date = {2018-05},
  location = {{Miyazaki, Japan}},
  url = {https://hal.archives-ouvertes.fr/hal-01790614},
  urldate = {2019-12-18},
  keywords = {crowdsourcing,GWAP,voting games}
}

@book{gaussier2011ModelesStatistiquesPour,
  title = {Modèles statistiques pour l'accès à l'information textuelle},
  author = {Gaussier, Éric and Yvon, François},
  date = {2011-05},
  publisher = {{Hermès / Lavoisier}},
  url = {https://hal.archives-ouvertes.fr/hal-00742830},
  urldate = {2018-01-13},
  hal_id = {hal-00742830},
  hal_version = {v1},
  keywords = {\#nosource}
}
% == BibLateX quality report for gaussier2011ModelesStatistiquesPour:
% Unexpected field 'hal_id'
% Unexpected field 'hal_version'

@online{gwern2011NeuralNetTank,
  title = {The {{Neural Net Tank Urban Legend}} - {{Gwern}}.net},
  author = {{gwern}},
  date = {2011-09-20},
  url = {https://www.gwern.net/Tanks},
  urldate = {2019-02-21},
  keywords = {artificial intelligence,counterexample,evolutionary algorithm,failure,machine learning},
  langid = {english}
}

@book{ibekwe-sanjuan2007FouilleTexte,
  title = {Fouille de texte},
  author = {Ibekwe-Sanjuan, Fidelia},
  date = {2007-03},
  publisher = {{Hermès / Lavoisier}},
  url = {https://hal.archives-ouvertes.fr/hal-00636094},
  urldate = {2018-01-13},
  hal_id = {hal-00636094},
  hal_version = {v1},
  keywords = {\#nosource,fouille de textes,méthodes d'agrégation,recherche d'information,veille scientifique et technologique}
}
% == BibLateX quality report for ibekwe-sanjuan2007FouilleTexte:
% Unexpected field 'hal_id'
% Unexpected field 'hal_version'

@book{jurafsky2019SpeechLanguageProcessing,
  title = {Speech and {{Language Processing}}},
  author = {Jurafsky, Daniel and Martin, James H.},
  date = {2019},
  edition = {3},
  publisher = {{Pearson}},
  url = {https://web.stanford.edu/~jurafsky/slp3/},
  isbn = {978-0-13-187321-6},
  langid = {english},
  pagetotal = {1032}
}

@inproceedings{kaufman2011LeakageDataMining,
  title = {Leakage in {{Data Mining}}: {{Formulation}}, {{Detection}}, and {{Avoidance}}},
  shorttitle = {Leakage in {{Data Mining}}},
  booktitle = {Proceedings of the 17th {{ACM SIGKDD International Conference}} on {{Knowledge Discovery}} and {{Data Mining}}},
  author = {Kaufman, Shachar and Rosset, Saharon and Perlich, Claudia},
  date = {2011},
  pages = {556--563},
  publisher = {{ACM}},
  location = {{New York, NY, USA}},
  doi = {10.1145/2020408.2020496},
  url = {http://doi.acm.org/10.1145/2020408.2020496},
  urldate = {2019-03-14},
  isbn = {978-1-4503-0813-7},
  keywords = {Information privacy,leakage},
  series = {{{KDD}} '11},
  venue = {San Diego, California, USA}
}

@article{kent1955MachineLiteratureSearching,
  title = {Machine literature searching {{VIII}}. {{Operational}} criteria for designing information retrieval systems},
  author = {Kent, Allen and Berry, Madeline M. and Luehrs, Fred U. Jr. and Perry, J. W.},
  date = {1955},
  journaltitle = {American Documentation},
  volume = {6},
  pages = {93--101},
  issn = {1936-6108},
  doi = {10.1002/asi.5090060209},
  url = {https://onlinelibrary.wiley.com/doi/abs/10.1002/asi.5090060209},
  urldate = {2019-11-30},
  langid = {english},
  number = {2}
}

@online{kuehlkamp2017GenderFromIrisGenderFromMascara,
  title = {Gender-{{From}}-{{Iris}} or {{Gender}}-{{From}}-{{Mascara}}?},
  author = {Kuehlkamp, Andrey and Becker, Benedict and Bowyer, Kevin},
  date = {2017-02-04},
  url = {http://arxiv.org/abs/1702.01304},
  urldate = {2019-03-14},
  archivePrefix = {arXiv},
  eprint = {1702.01304},
  eprinttype = {arxiv},
  keywords = {computer vision,counterexample},
  primaryClass = {cs}
}
% == BibLateX quality report for kuehlkamp2017GenderFromIrisGenderFromMascara:
% Unexpected field 'archivePrefix'
% Unexpected field 'primaryClass'

@inproceedings{lafferty2001ConditionalRandomFields,
  title = {Conditional {{Random Fields}}: {{Probabilistic Models}} for {{Segmenting}} and {{Labeling Sequence Data}}},
  shorttitle = {Conditional {{Random Fields}}},
  author = {Lafferty, John and McCallum, Andrew and Pereira, Fernando},
  date = {2001},
  pages = {282--289},
  publisher = {{Morgan Kaufmann}},
  location = {{San Francisco, CA, USA}},
  url = {http://dl.acm.org/citation.cfm?id=645530.655813},
  urldate = {2019-04-30},
  eventtitle = {18th {{International Conference}} on {{Machine Learning}}},
  isbn = {978-1-55860-778-1},
  keywords = {\#nosource},
  series = {{{ICML}} '01}
}
% == BibLateX quality report for lafferty2001ConditionalRandomFields:
% Missing required field 'booktitle'

@online{lehman2018SurprisingCreativityDigital,
  title = {The {{Surprising Creativity}} of {{Digital Evolution}}: {{A Collection}} of {{Anecdotes}} from the {{Evolutionary Computation}} and {{Artificial Life Research Communities}}},
  shorttitle = {The {{Surprising Creativity}} of {{Digital Evolution}}},
  author = {Lehman, Joel and Clune, Jeff and Misevic, Dusan and Adami, Christoph and Altenberg, Lee and Beaulieu, Julie and Bentley, Peter J. and Bernard, Samuel and Beslon, Guillaume and Bryson, David M. and Chrabaszcz, Patryk and Cheney, Nick and Cully, Antoine and Doncieux, Stephane and Dyer, Fred C. and Ellefsen, Kai Olav and Feldt, Robert and Fischer, Stephan and Forrest, Stephanie and Frénoy, Antoine and Gagné, Christian and Goff, Leni Le and Grabowski, Laura M. and Hodjat, Babak and Hutter, Frank and Keller, Laurent and Knibbe, Carole and Krcah, Peter and Lenski, Richard E. and Lipson, Hod and MacCurdy, Robert and Maestre, Carlos and Miikkulainen, Risto and Mitri, Sara and Moriarty, David E. and Mouret, Jean-Baptiste and Nguyen, Anh and Ofria, Charles and Parizeau, Marc and Parsons, David and Pennock, Robert T. and Punch, William F. and Ray, Thomas S. and Schoenauer, Marc and Shulte, Eric and Sims, Karl and Stanley, Kenneth O. and Taddei, François and Tarapore, Danesh and Thibault, Simon and Weimer, Westley and Watson, Richard and Yosinski, Jason},
  date = {2018-03-09},
  url = {http://arxiv.org/abs/1803.03453},
  urldate = {2019-02-21},
  archivePrefix = {arXiv},
  eprint = {1803.03453},
  eprinttype = {arxiv},
  keywords = {artificial intelligence,counterexample,evolutionary algorithm,failure,machine learning},
  primaryClass = {cs}
}
% == BibLateX quality report for lehman2018SurprisingCreativityDigital:
% Unexpected field 'archivePrefix'
% Unexpected field 'primaryClass'

@article{lu2010ZipfLawLeads,
  title = {Zipf's {{Law Leads}} to {{Heaps}}' {{Law}}: {{Analyzing Their Relation}} in {{Finite}}-{{Size Systems}}},
  shorttitle = {Zipf's {{Law Leads}} to {{Heaps}}' {{Law}}},
  author = {Lü, Linyuan and Zhang, Zi-Ke and Zhou, Tao},
  date = {2010-12-02},
  journaltitle = {PLoS ONE},
  shortjournal = {PLoS One},
  volume = {5},
  issn = {1932-6203},
  doi = {10.1371/journal.pone.0014139},
  url = {https://www.ncbi.nlm.nih.gov/pmc/articles/PMC2996287/},
  urldate = {2019-08-12},
  eprint = {21152034},
  eprinttype = {pmid},
  number = {12},
  pmcid = {PMC2996287}
}
% == BibLateX quality report for lu2010ZipfLawLeads:
% Unexpected field 'pmcid'

@inproceedings{muzerelle2013ANCORPremierCorpus,
  title = {{{ANCOR}}, premier corpus de français parlé d'envergure annoté en coréférence et distribué librement},
  booktitle = {Actes de la 20ème conférence sur le {{Traitement Automatique}} des {{Langues Naturelles}}},
  author = {Muzerelle, Judith and Lefeuvre, Anaïs and Antoine, Jean-Yves and Schang, Emmanuel and Maurel, Denis and Villaneau, Jeanne and Eshkol, Iris},
  date = {2013-06},
  pages = {555--563},
  publisher = {{Association pour le Traitement Automatique des Langues}},
  location = {{Les Sable d'Olonne, France}},
  url = {https://hal.archives-ouvertes.fr/hal-01016562},
  urldate = {2017-01-31},
  eventtitle = {{{TALN}}'2013},
  keywords = {anaphora,anaphore,annotation,copora/ANCOR,coreference,coréférence,corpora,corpora/ESLO,Corpus,dialogue,parole conversationnelle}
}
% == BibLateX quality report for muzerelle2013ANCORPremierCorpus:
% ? Unsure about the formatting of the booktitle

@software{neubig2019TutorialProgrammingNatural,
  title = {A {{Tutorial}} about {{Programming}} for {{Natural Language Processing}}},
  shorttitle = {A {{Tutorial}} about {{Programming}} for {{Natural Language Processing}}},
  author = {Neubig, Graham},
  date = {2019-04-27T17:18:33Z},
  origdate = {2014-05-31T02:12:42Z},
  url = {https://github.com/neubig/nlptutorial},
  urldate = {2019-04-30},
  howpublished = {online},
  keywords = {\#nosource}
}

@unpublished{preux2011FouilleDonneesNotes,
  title = {Fouille de données - {{Notes}} de cours},
  author = {Preux, Philippe},
  date = {2011-05-26},
  url = {http://www.grappa.univ-lille3.fr/~ppreux/Documents/notes-de-cours-de-fouille-de-donnees.pdf},
  urldate = {2018-01-13},
  howpublished = {online},
  keywords = {\#nosource}
}

@incollection{ramshaw1999TextChunkingUsing,
  title = {Text {{Chunking Using Transformation}}-{{Based Learning}}},
  booktitle = {Natural {{Language Processing Using Very Large Corpora}}},
  author = {Ramshaw, Lance A. and Marcus, Mitchell P.},
  editor = {Armstrong, Susan and Church, Kenneth and Isabelle, Pierre and Manzi, Sandra and Tzoukermann, Evelyne and Yarowsky, David},
  date = {1999},
  pages = {157--176},
  publisher = {{Springer Netherlands}},
  location = {{Dordrecht}},
  doi = {10.1007/978-94-017-2390-9_10},
  url = {https://doi.org/10.1007/978-94-017-2390-9_10},
  urldate = {2020-02-02},
  isbn = {978-94-017-2390-9},
  keywords = {Apply Natural Language Processing,Lexical Rule,Noun Phrase,Prepositional Phrase,Rule Template},
  langid = {english},
  series = {Text, {{Speech}} and {{Language Technology}}}
}

@inproceedings{sims1994EvolvingVirtualCreatures,
  title = {Evolving {{Virtual Creatures}}},
  booktitle = {Proceedings of the 21st {{Annual Conference}} on {{Computer Graphics}} and {{Interactive Techniques}}},
  author = {Sims, Karl},
  date = {1994},
  pages = {15--22},
  publisher = {{ACM}},
  location = {{New York, NY, USA}},
  doi = {10.1145/192161.192167},
  url = {http://doi.acm.org/10.1145/192161.192167},
  urldate = {2019-02-21},
  isbn = {978-0-89791-667-7},
  keywords = {artificial intelligence,evolutionary algorithm},
  series = {{{SIGGRAPH}} '94}
}

@inproceedings{slonim2014ClaimsDemandInitial,
  title = {Claims on demand - an initial demonstration of a system for automatic detection and polarity identification of context dependent claims in massive corpora},
  booktitle = {Proceedings of the 25th {{International Conference}} on {{Computational Linguistics}}},
  author = {Slonim, Noam and Aharoni, Ehud and Perez, Carlos Alzate and Bar-Haim, Roy and Bilu, Yonatan and Dankin, Lena and Eiron, Iris and Hershcovich, Daniel and Hummel, Shay and Khapra, Mitesh M. and Lavee, Tamar and Levy, Ran and Matchen, Paul and Polnarov, Anatoly and Raykar, Vikas C. and Rinott, Ruty and Saha, Amrita and Zwerdling, Naama and Konopnicki, David and Gutfreund, Dan},
  editor = {Tounsi, Lamia and Rak, Rafal},
  date = {2014},
  pages = {6--9},
  publisher = {{Association for Computational Linguistics}},
  url = {http://aclweb.org/anthology/C/C14/C14-2002.pdf},
  bibsource = {dblp computer science bibliography, http://dblp.org},
  biburl = {http://dblp.org/rec/bib/conf/coling/SlonimAABBDEHHKLLMPRRSZKG14},
  eventtitle = {{{COLING}} 2014},
  isbn = {978-1-941643-27-3},
  venue = {Baile Átha Cliath, Éire}
}
% == BibLateX quality report for slonim2014ClaimsDemandInitial:
% Unexpected field 'bibsource'
% Unexpected field 'biburl'

@book{sorensen1948MethodEstablishingGroups,
  title = {A method of establishing groups of equal amplitude in plant sociology based on similarity of species content and its application to analyses of the vegetation on {{Danish}} commons.},
  author = {Sørensen, Thorvald Julius},
  date = {1948},
  publisher = {{E. Munksgaard}},
  location = {{København}},
  annotation = {OCLC: 4713331},
  langid = {english}
}

@online{SpecificationGamingExamples,
  title = {Specification gaming examples in {{AI}} - master list},
  url = {https://docs.google.com/spreadsheets/d/e/2PACX-1vRPiprOaC3HsCf5Tuum8bRfzYUiKLRqJmbOoC-32JorNdfyTiRRsR7Ea5eWtvsWzuxo8bjOxCG84dAg/pubhtml},
  urldate = {2019-02-21},
  keywords = {artificial intelligence,counterexample,evolutionary algorithm,failure,machine learning}
}
% == BibLateX quality report for SpecificationGamingExamples:
% Exactly one of 'date' / 'year' must be present

@unpublished{tellier2017IntroductionFouilleTextes,
  title = {Introduction à la fouille de textes},
  author = {Tellier, Isabelle},
  date = {2017-11-10},
  url = {http://www.lattice.cnrs.fr/sites/itellier/poly_fouille_textes/fouille-textes.pdf},
  urldate = {2018-01-16},
  howpublished = {online},
  keywords = {\#nosource},
  langid = {french},
  type = {Lecture notes}
}

@thesis{teufel1999ArgumentativeZoningInformation,
  title = {Argumentative {{Zoning}}: {{Information Extraction}} from {{Scientific Text}}},
  author = {Teufel, Simone},
  date = {1999},
  location = {{Edinburgh, Scotland}},
  url = {http://www.cl.cam.ac.uk/users/sht25/az.html},
  keywords = {\#nosource},
  pagetotal = {284+}
}
% == BibLateX quality report for teufel1999ArgumentativeZoningInformation:
% Missing required field 'type'
% Missing required field 'institution'

@book{vanrijsbergen1979InformationRetrieval,
  title = {Information {{Retrieval}}},
  author = {family=Rijsbergen, given=Cornelis Joost, prefix=van, useprefix=true},
  date = {1979-01-01},
  publisher = {{Butterworth-Heinemann}},
  url = {http://dl.acm.org/citation.cfm?id=539927},
  urldate = {2019-11-30},
  isbn = {978-0-408-70929-3}
}

@inproceedings{vogt2004MinimumCostEmergence,
  title = {Minimum cost and the emergence of the {{Zipf}}-{{Mandelbrot}} law},
  booktitle = {Artificial {{Life IX}}: {{Proceedings}} of the {{Ninth International Conference}} on the {{Simulation}} and {{Synthesis}} of {{Living Systems}}},
  author = {Vogt, Paul},
  date = {2004},
  keywords = {\#nosource},
  organization = {{MIT Press}}
}

@book{zipf1949HumanBehaviorPrinciple,
  title = {Human behavior and the principle of least effort: {{An}} introduction to human ecology},
  author = {Zipf, George Kingsley},
  date = {1949},
  publisher = {{Addison-Wesley Press}},
  location = {{Oxford, England}},
  keywords = {\#nosource}
}


