
@inproceedings{alishahi2017EncodingPhonologyRecurrent,
  author = {Alishahi, Afra and Barking, Marie and Chrupała, Grzegorz},
  booktitle = {Proceedings of the 21st {{Conference}} on {{Computational Natural Language Learning}} ({{CoNLL}} 2017)},
  date = {2017},
  doi = {10.18653/v1/K17-1037},
  pages = {368-378},
  publisher = {{Association for Computational Linguistics}},
  title = {Encoding of Phonology in a Recurrent Neural Model of Grounded Speech},
  url = {http://www.aclweb.org/anthology/K17-1037},
  venue = {Vancouver, Canada}
}

@book{amini2013RechercheInformationApplications,
  author = {Amini, Massih-Reza and Gaussier, Éric},
  date = {2013-04},
  hal_id = {hal-00881257},
  hal_version = {v1},
  keywords = {Big Data,Classification documentaire,Clustering,Moteurs de recherche,Recherche d'Information},
  publisher = {{Eyrolles}},
  title = {Recherche d'{{Information}} - {{Applications}}, Modèles et Algorithmes},
  url = {https://hal.archives-ouvertes.fr/hal-00881257},
  urldate = {2018-01-13}
}

@article{cardon2018RevancheNeurones,
  author = {Cardon, Dominique and Cointet, Jean-Philippe and Mazières, Antoine},
  date = {2018-11-16},
  issn = {0751-7971},
  journaltitle = {Reseaux},
  langid = {french},
  number = {5},
  pages = {173-220},
  title = {La revanche des neurones},
  url = {https://www.cairn.info/revue-reseaux-2018-5-page-173.htm},
  urldate = {2019-03-05},
  volume = {n° 211}
}

@article{church2011PendulumSwungToo,
  author = {Church, Kenneth},
  date = {2011-10},
  journaltitle = {Linguistic Issues in Language Technology},
  title = {A Pendulum Swung Too Far},
  url = {https://journals.linguisticsociety.org/elanguage/lilt/article/view/2581.html},
  volume = {6}
}

@article{collinsLogLinearModelsMEMMs,
  author = {Collins, Michael},
  langid = {english},
  pages = {11},
  title = {Log-{{Linear Models}}, {{MEMMs}}, and {{CRFs}}}
}

@book{cornuejols2010ApprentissageArtificielConcepts,
  author = {Cornuéjols, Antoine and Miclet, Laurent},
  date = {2010},
  edition = {2},
  publisher = {{Eyrolles}},
  title = {Apprentissage Artificiel - {{Concepts}} et Algorithmes},
  url = {https://www.eyrolles.com/Sciences/Livre/apprentissage-artificiel-9782212124712},
  urldate = {2018-01-13}
}

@collection{gaussier2011ModelesStatistiquesPour,
  date = {2011-05},
  editor = {Gaussier, Éric and Yvon, François},
  hal_id = {hal-00742830},
  hal_version = {v1},
  publisher = {{Hermès / Lavoisier}},
  title = {Modèles Statistiques Pour l'accès à l'information Textuelle},
  url = {https://hal.archives-ouvertes.fr/hal-00742830},
  urldate = {2018-01-13}
}

@online{gwern2011NeuralNetTank,
  author = {{gwern}},
  date = {2011-09-20},
  keywords = {articifial intelligence,counterexample,evolutionary algorithm,failure,machine learning},
  langid = {english},
  title = {The {{Neural Net Tank Urban Legend}} - {{Gwern}}.Net},
  url = {https://www.gwern.net/Tanks},
  urldate = {2019-02-21}
}

@book{ibekwe-sanjuan2007FouilleTexte,
  author = {Ibekwe-Sanjuan, Fidelia},
  date = {2007-03},
  hal_id = {hal-00636094},
  hal_version = {v1},
  keywords = {fouille de textes,méthodes d'agrégation,recherche d'information,veille scientifique et technologique},
  publisher = {{Hermès / Lavoisier}},
  title = {Fouille de Texte},
  url = {https://hal.archives-ouvertes.fr/hal-00636094},
  urldate = {2018-01-13}
}

@book{jurafsky2019SpeechLanguageProcessing,
  author = {Jurafsky, Daniel and Martin, James H.},
  date = {2019},
  edition = {3},
  isbn = {978-0-13-187321-6},
  langid = {english},
  pagetotal = {1032},
  title = {Speech and {{Language Processing}}},
  url = {https://web.stanford.edu/~jurafsky/slp3/}
}

@inproceedings{kaufman2011LeakageDataMining,
  author = {Kaufman, Shachar and Rosset, Saharon and Perlich, Claudia},
  booktitle = {Proceedings of the 17th {{ACM SIGKDD International Conference}} on {{Knowledge Discovery}} and {{Data Mining}}},
  date = {2011},
  doi = {10.1145/2020408.2020496},
  isbn = {978-1-4503-0813-7},
  keywords = {Information privacy,leakage},
  location = {{New York, NY, USA}},
  pages = {556--563},
  publisher = {{ACM}},
  series = {{{KDD}} '11},
  shorttitle = {Leakage in {{Data Mining}}},
  title = {Leakage in {{Data Mining}}: {{Formulation}}, {{Detection}}, and {{Avoidance}}},
  url = {http://doi.acm.org/10.1145/2020408.2020496},
  urldate = {2019-03-14},
  venue = {San Diego, California, USA}
}

@article{kuehlkamp2017GenderFromIrisGenderFromMascara,
  archivePrefix = {arXiv},
  author = {Kuehlkamp, Andrey and Becker, Benedict and Bowyer, Kevin},
  date = {2017-02-04},
  eprint = {1702.01304},
  eprinttype = {arxiv},
  keywords = {computer vision,counterexample},
  primaryClass = {cs},
  title = {Gender-{{From}}-{{Iris}} or {{Gender}}-{{From}}-{{Mascara}}?},
  url = {http://arxiv.org/abs/1702.01304},
  urldate = {2019-03-14}
}

@inproceedings{lafferty2001ConditionalRandomFields,
  author = {Lafferty, John D. and McCallum, Andrew and Pereira, Fernando C. N.},
  booktitle = {Proceedings of the {{Eighteenth International Conference}} on {{Machine Learning}}},
  date = {2001},
  isbn = {978-1-55860-778-1},
  location = {{San Francisco, CA, USA}},
  pages = {282--289},
  publisher = {{Morgan Kaufmann Publishers Inc.}},
  series = {{{ICML}} '01},
  shorttitle = {Conditional {{Random Fields}}},
  title = {Conditional {{Random Fields}}: {{Probabilistic Models}} for {{Segmenting}} and {{Labeling Sequence Data}}},
  url = {http://dl.acm.org/citation.cfm?id=645530.655813},
  urldate = {2019-04-30}
}

@article{lehman2018SurprisingCreativityDigital,
  archivePrefix = {arXiv},
  author = {Lehman, Joel and Clune, Jeff and Misevic, Dusan and Adami, Christoph and Altenberg, Lee and Beaulieu, Julie and Bentley, Peter J. and Bernard, Samuel and Beslon, Guillaume and Bryson, David M. and Chrabaszcz, Patryk and Cheney, Nick and Cully, Antoine and Doncieux, Stephane and Dyer, Fred C. and Ellefsen, Kai Olav and Feldt, Robert and Fischer, Stephan and Forrest, Stephanie and Frénoy, Antoine and Gagné, Christian and Goff, Leni Le and Grabowski, Laura M. and Hodjat, Babak and Hutter, Frank and Keller, Laurent and Knibbe, Carole and Krcah, Peter and Lenski, Richard E. and Lipson, Hod and MacCurdy, Robert and Maestre, Carlos and Miikkulainen, Risto and Mitri, Sara and Moriarty, David E. and Mouret, Jean-Baptiste and Nguyen, Anh and Ofria, Charles and Parizeau, Marc and Parsons, David and Pennock, Robert T. and Punch, William F. and Ray, Thomas S. and Schoenauer, Marc and Shulte, Eric and Sims, Karl and Stanley, Kenneth O. and Taddei, François and Tarapore, Danesh and Thibault, Simon and Weimer, Westley and Watson, Richard and Yosinski, Jason},
  date = {2018-03-09},
  eprint = {1803.03453},
  eprinttype = {arxiv},
  keywords = {articifial intelligence,counterexample,evolutionary algorithm,failure,machine learning},
  primaryClass = {cs},
  shorttitle = {The {{Surprising Creativity}} of {{Digital Evolution}}},
  title = {The {{Surprising Creativity}} of {{Digital Evolution}}: {{A Collection}} of {{Anecdotes}} from the {{Evolutionary Computation}} and {{Artificial Life Research Communities}}},
  url = {http://arxiv.org/abs/1803.03453},
  urldate = {2019-02-21}
}

@inproceedings{muzerelle2013ANCORPremierCorpus,
  author = {Muzerelle, Judith and Lefeuvre, Anaïs and Antoine, Jean-Yves and Schang, Emmanuel and Maurel, Denis and Villaneau, Jeanne and Eshkol, Iris},
  booktitle = {{{TALN}}'2013, 20e Conférence Sur Le {{Traitement Automatique}} Des {{Langues Naturelles}}},
  date = {2013-06},
  editor = {{ATALA}},
  keywords = {anaphora,anaphore,annotation,copora/ANCOR,coreference,coréférence,corpora,corpora/ESLO,Corpus,dialogue,parole conversationnelle},
  location = {{Les Sable d'Olonne, France}},
  pages = {555-563},
  title = {{{ANCOR}}, Premier Corpus de Français Parlé d'envergure Annoté En Coréférence et Distribué Librement},
  url = {https://hal.archives-ouvertes.fr/hal-01016562},
  urldate = {2017-01-31}
}

@software{neubig2019TutorialProgrammingNatural,
  author = {Neubig, Graham},
  date = {2019-04-27T17:18:33Z},
  origdate = {2014-05-31T02:12:42Z},
  shorttitle = {A {{Tutorial}} about {{Programming}} for {{Natural Language Processing}}},
  title = {A {{Tutorial}} about {{Programming}} for {{Natural Language Processing}}: Neubig/Nlptutorial},
  url = {https://github.com/neubig/nlptutorial},
  urldate = {2019-04-30}
}

@unpublished{preux2011FouilleDonneesNotes,
  author = {Preux, Philippe},
  date = {2011-05-26},
  howpublished = {online},
  title = {Fouille de Données - {{Notes}} de Cours},
  url = {http://www.grappa.univ-lille3.fr/~ppreux/Documents/notes-de-cours-de-fouille-de-donnees.pdf},
  urldate = {2018-01-13}
}

@inproceedings{sims1994EvolvingVirtualCreatures,
  author = {Sims, Karl},
  booktitle = {Proceedings of the 21st {{Annual Conference}} on {{Computer Graphics}} and {{Interactive Techniques}}},
  date = {1994},
  doi = {10.1145/192161.192167},
  isbn = {978-0-89791-667-7},
  keywords = {articifial intelligence,evolutionary algorithm},
  location = {{New York, NY, USA}},
  pages = {15--22},
  publisher = {{ACM}},
  series = {{{SIGGRAPH}} '94},
  title = {Evolving {{Virtual Creatures}}},
  url = {http://doi.acm.org/10.1145/192161.192167},
  urldate = {2019-02-21}
}

@inproceedings{slonim2014ClaimsDemandInitial,
  author = {Slonim, Noam and Aharoni, Ehud and Perez, Carlos Alzate and Bar-Haim, Roy and Bilu, Yonatan and Dankin, Lena and Eiron, Iris and Hershcovich, Daniel and Hummel, Shay and Khapra, Mitesh M. and Lavee, Tamar and Levy, Ran and Matchen, Paul and Polnarov, Anatoly and Raykar, Vikas C. and Rinott, Ruty and Saha, Amrita and Zwerdling, Naama and Konopnicki, David and Gutfreund, Dan},
  bibsource = {dblp computer science bibliography, http://dblp.org},
  biburl = {http://dblp.org/rec/bib/conf/coling/SlonimAABBDEHHKLLMPRRSZKG14},
  booktitle = {{{COLING}} 2014, 25th {{International Conference}} on {{Computational Linguistics}}, {{Proceedings}} of the {{Conference System Demonstrations}}, {{August}} 23-29, 2014, {{Dublin}}, {{Ireland}}},
  date = {2014},
  editor = {Tounsi, Lamia and Rak, Rafal},
  isbn = {978-1-941643-27-3},
  pages = {6-9},
  publisher = {{ACL}},
  title = {Claims on Demand - an Initial Demonstration of a System for Automatic Detection and Polarity Identification of Context Dependent Claims in Massive Corpora},
  url = {http://aclweb.org/anthology/C/C14/C14-2002.pdf}
}

@online{SpecificationGamingExamples,
  keywords = {articifial intelligence,counterexample,evolutionary algorithm,failure,machine learning},
  title = {Specification Gaming Examples in {{AI}} - Master List},
  url = {https://docs.google.com/spreadsheets/d/e/2PACX-1vRPiprOaC3HsCf5Tuum8bRfzYUiKLRqJmbOoC-32JorNdfyTiRRsR7Ea5eWtvsWzuxo8bjOxCG84dAg/pubhtml},
  urldate = {2019-02-21}
}

@unpublished{tellier2017IntroductionFouilleTextes,
  author = {Tellier, Isabelle},
  date = {2017-11-10},
  howpublished = {online},
  title = {Introduction à La Fouille de Textes},
  url = {http://www.lattice.cnrs.fr/sites/itellier/poly_fouille_textes/fouille-textes.pdf},
  urldate = {2018-01-16}
}

@thesis{teufel1999ArgumentativeZoningInformation,
  author = {Teufel, Simone},
  date = {1999},
  location = {{Edinburgh, Scotland}},
  pagetotal = {284+},
  title = {Argumentative {{Zoning}}: {{Information Extraction}} from {{Scientific Text}}},
  url = {http://www.cl.cam.ac.uk/users/sht25/az.html}
}

@book{zipf1949HumanBehaviorPrinciple,
  author = {Zipf, George Kingsley},
  date = {1949},
  location = {{Oxford, England}},
  publisher = {{Addison-Wesley Press}},
  title = {Human Behavior and the Principle of Least Effort: {{An}} Introduction to Human Ecology}
}


