
@book{amini2013RechercheInformationApplications,
  author = {Amini, Massih-Reza and Gaussier, Éric},
  date = {2013-04},
  hal_id = {hal-00881257},
  hal_version = {v1},
  keywords = {Big Data,Classification documentaire,Clustering,Moteurs de recherche,Recherche d'Information},
  publisher = {{Eyrolles}},
  title = {Recherche d'{{Information}} - {{Applications}}, Modèles et Algorithmes},
  url = {https://hal.archives-ouvertes.fr/hal-00881257},
  urldate = {2018-01-13}
}

@book{cornuejols2010ApprentissageArtificielConcepts,
  author = {Cornuéjols, Antoine and Miclet, Laurent},
  date = {2010},
  edition = {2},
  publisher = {{Eyrolles}},
  title = {Apprentissage Artificiel - {{Concepts}} et Algorithmes},
  url = {https://www.eyrolles.com/Sciences/Livre/apprentissage-artificiel-9782212124712},
  urldate = {2018-01-13}
}

@collection{gaussier2011ModelesStatistiquesPour,
  date = {2011-05},
  editor = {Gaussier, Éric and Yvon, François},
  hal_id = {hal-00742830},
  hal_version = {v1},
  publisher = {{Hermès / Lavoisier}},
  title = {Modèles Statistiques Pour l'accès à l'information Textuelle},
  url = {https://hal.archives-ouvertes.fr/hal-00742830},
  urldate = {2018-01-13}
}

@book{ibekwe-sanjuan2007FouilleTexte,
  author = {Ibekwe-Sanjuan, Fidelia},
  date = {2007-03},
  hal_id = {hal-00636094},
  hal_version = {v1},
  keywords = {fouille de textes,méthodes d'agrégation,recherche d'information,veille scientifique et technologique},
  publisher = {{Hermès / Lavoisier}},
  title = {Fouille de Texte},
  url = {https://hal.archives-ouvertes.fr/hal-00636094},
  urldate = {2018-01-13}
}
biblio
@book{jurafsky2008SpeechLanguageProcessing,
  author = {Jurafsky, Daniel and Martin, James H.},
  date = {2008-05-16},
  edition = {3},
  isbn = {978-0-13-187321-6},
  langid = {english},
  pagetotal = {1032},
  title = {Speech and {{Language Processing}}},
  url = {https://web.stanford.edu/~jurafsky/slp3/}
}
@unpublished{preux2011FouilleDonneesNotes,
  author = {Preux, Philippe},
  date = {2011-05-26},
  howpublished = {online},
  title = {Fouille de Données - {{Notes}} de Cours},
  url = {http://www.grappa.univ-lille3.fr/~ppreux/Documents/notes-de-cours-de-fouille-de-donnees.pdf},
  urldate = {2018-01-13}
}

@inproceedings{slonim2014ClaimsDemandInitial,
  author = {Slonim, Noam and Aharoni, Ehud and Perez, Carlos Alzate and Bar-Haim, Roy and Bilu, Yonatan and Dankin, Lena and Eiron, Iris and Hershcovich, Daniel and Hummel, Shay and Khapra, Mitesh M. and Lavee, Tamar and Levy, Ran and Matchen, Paul and Polnarov, Anatoly and Raykar, Vikas C. and Rinott, Ruty and Saha, Amrita and Zwerdling, Naama and Konopnicki, David and Gutfreund, Dan},
  bibsource = {dblp computer science bibliography, http://dblp.org},
  biburl = {http://dblp.org/rec/bib/conf/coling/SlonimAABBDEHHKLLMPRRSZKG14},
  booktitle = {{{COLING}} 2014, 25th {{International Conference}} on {{Computational Linguistics}}, {{Proceedings}} of the {{Conference System Demonstrations}}, {{August}} 23-29, 2014, {{Dublin}}, {{Ireland}}},
  date = {2014},
  editor = {Tounsi, Lamia and Rak, Rafal},
  isbn = {978-1-941643-27-3},
  pages = {6-9},
  publisher = {{ACL}},
  title = {Claims on Demand - an Initial Demonstration of a System for Automatic Detection and Polarity Identification of Context Dependent Claims in Massive Corpora},
  url = {http://aclweb.org/anthology/C/C14/C14-2002.pdf}
}


@thesis{teufel1999ArgumentativeZoningInformation,
  author = {Teufel, Simone},
  date = {1999},
  location = {{Edinburgh, Scotland}},
  pagetotal = {284+},
  title = {Argumentative {{Zoning}}: {{Information Extraction}} from {{Scientific Text}}},
  url = {http://www.cl.cam.ac.uk/users/sht25/az.html}
}
